@misc{beacon-chain-spec,
	title = {{Ethereum 2.0 Specifications}},
	author = {{Ethereum Foundation}},
	howpublished = {\url{https://github.com/ethereum/eth2.0-specs}}
}

@misc{weak-subjectivity,
	title = {{Proof of Stake: How I Learned to Love Weak Subjectivity}},
	author = {{Vitalik Buterin}},
	howpublished = {\url{https://blog.ethereum.org/2014/11/25/proof-stake-learned-love-weak-subjectivity/}}
}

@misc{weak-subjectivity-aditya,
	title = {{Weak Subjectivity in Eth2.0}},
	author = {{Aditya Asgaonkar}},
	howpublished = {\url{https://notes.ethereum.org/@adiasg/weak-subjectvity-eth2}}
}
